@INPROCEEDINGS{6239178, 
author={Guyon, I. and Athitsos, V. and Jangyodsuk, P. and Hamner, B. and Escalante, H.J.}, 
booktitle={Computer Vision and Pattern Recognition Workshops (CVPRW), 2012 IEEE Computer Society Conference on}, title={ChaLearn gesture challenge: Design and first results}, 
year={2012}, 
pages={1-6}, 
keywords={cameras;gesture recognition;image classification;learning (artificial intelligence);video signal processing;ChaLearn gesture challenge;Kaggle platform;Kinect camera;RGB images;aircraft guidance;arm gestures;computer interface applications;depth images;driver hand signals;entry evaluation;finger codes;gesture classifiers;gesture recognition;hand gestures;marshalling signals;numeral representation;one-shot-learning;referee signal;submission automation;vehicle guidance;video clip;Cameras;Feature extraction;Handicapped aids;Hidden Markov models;MATLAB;Training;Vocabulary}, 
doi={10.1109/CVPRW.2012.6239178}, 
ISSN={2160-7508},}

@ARTICLE{910878, 
author={Bobick, A.F. and Davis, J.W.}, 
journal={Pattern Analysis and Machine Intelligence, IEEE Transactions on}, title={The recognition of human movement using temporal templates}, 
year={2001}, 
volume={23}, 
number={3}, 
pages={257-267}, 
keywords={computer vision;image motion analysis;image reconstruction;image sequences;aerobics exercises;human movement recognition;human movement representation;motion properties;recognition method;temporal segmentation;temporal templates;view-based approach;Cameras;Computer Society;Computer vision;Humans;Image recognition;Image reconstruction;Image sequences;Labeling;Pattern recognition;Pixel}, 
doi={10.1109/34.910878}, 
ISSN={0162-8828},}


@INPROCEEDINGS{6239179, 
author={Di Wu and Fan Zhu and Ling Shao}, 
booktitle={Computer Vision and Pattern Recognition Workshops (CVPRW), 2012 IEEE Computer Society Conference on}, title={One shot learning gesture recognition from RGBD images}, 
year={2012}, 
pages={7-12}, 
keywords={feature extraction;gesture recognition;image classification;image colour analysis;image denoising;image segmentation;learning (artificial intelligence);spatial variables measurement;CHALEARN gesture challenge validation batch;Kinect RGB sensor;Kinect depth sensor;Levenshtein distance;MSE algorithm;RGBD images;automatic temporal boundary segmentation;depth image denoising;duo-modality;extended-MHI algorithm;extended-motion-history-image algorithm;feature extraction;gesture classification;morphological denoising;multiview spectral embedding algorithm;one shot learning gesture recognition;Cameras;Image segmentation;Motion segmentation;Noise;Noise reduction;Training;Vectors}, 
doi={10.1109/CVPRW.2012.6239179}, 
ISSN={2160-7508},}

@inproceedings{Wu:2012:OSL:2393347.2396454,
 author = {Wu, Di and Zhu, Fan and Shao, Ling and Zhang, Hui},
 title = {One shot learning gesture recognition with Kinect sensor},
 booktitle = {Proceedings of the 20th ACM international conference on Multimedia},
 series = {MM '12},
 year = {2012},
 isbn = {978-1-4503-1089-5},
 location = {Nara, Japan},
 pages = {1303--1304},
 numpages = {2},
 url = {http://doi.acm.org/10.1145/2393347.2396454},
 doi = {10.1145/2393347.2396454},
 acmid = {2396454},
 publisher = {ACM},
 address = {New York, NY, USA},
 keywords = {RGBD camera, hand gesture recognition, human-computer-interaction, one shot learning},
} 
@ARTICLE{1251144, 
author={Liang Wang and Tieniu Tan and Huazhong Ning and Weiming Hu}, 
journal={Pattern Analysis and Machine Intelligence, IEEE Transactions on}, title={Silhouette analysis-based gait recognition for human identification}, 
year={2003}, 
volume={25}, 
number={12}, 
pages={1505-1518}, 
keywords={computer vision;eigenvalues and eigenfunctions;feature extraction;gait analysis;image motion analysis;image sequences;object recognition;pattern classification;principal component analysis;spatiotemporal phenomena;computer vision;eigenspace transformation;gait recognition;human identification;image sequence;input feature space;lower dimensional eigenspace;principal component analysis;spatial temporal silhouette images;subtraction algorithm;supervised pattern classification;time varying distance signals;walking figure;Algorithm design and analysis;Computer vision;Humans;Image recognition;Image segmentation;Image sequences;Legged locomotion;Pattern classification;Pattern recognition;Principal component analysis}, 
doi={10.1109/TPAMI.2003.1251144}, 
ISSN={0162-8828},}

@INPROCEEDINGS{6239185, 
author={Malgireddy, M.R. and Inwogu, I. and Govindaraju, V.}, 
booktitle={Computer Vision and Pattern Recognition Workshops (CVPRW), 2012 IEEE Computer Society Conference on}, title={A temporal Bayesian model for classifying, detecting and localizing activities in video sequences}, 
year={2012}, 
pages={43-48}, 
keywords={Bayes methods;image classification;image sequences;learning (artificial intelligence);object detection;video signal processing;CHALEARN 2012 gesture spotting competition;CHALEARN gesture dataset;HMDB dataset;KTH dataset;activities-of-interest;activity classification;activity detection;activity localization;gesture detection;human motion database;key-phrase detection;keyword detection;keyword model;model learning;one-shot-learning approach;real-life video sequences;speech processing;temporal Bayesian model;video clips;Accuracy;Computational modeling;Feature extraction;Hidden Markov models;Probabilistic logic;Video sequences;Visualization}, 
doi={10.1109/CVPRW.2012.6239185}, 
ISSN={2160-7508},}

@INPROCEEDINGS{5995316, 
author={Shotton, J. and Fitzgibbon, A. and Cook, M. and Sharp, T. and Finocchio, M. and Moore, R. and Kipman, A. and Blake, A.}, 
booktitle={Computer Vision and Pattern Recognition (CVPR), 2011 IEEE Conference on}, title={Real-time human pose recognition in parts from single depth images}, 
year={2011}, 
pages={1297-1304}, 
keywords={image classification;image resolution;object recognition;pose estimation;3D positions;confidence-scored 3D proposals;intermediate body parts representation;object recognition approach;pose estimation problem;real-time human pose recognition;simpler per-pixel classification problem;single depth image;whole-skeleton nearest neighbor matching;Cameras;Joints;Proposals;Shape;Three dimensional displays;Training;Vegetation}, 
doi={10.1109/CVPR.2011.5995316}, 
ISSN={1063-6919},}

@INPROCEEDINGS{6239180, 
author={Yui Man Lui}, 
booktitle={Computer Vision and Pattern Recognition Workshops (CVPRW), 2012 IEEE Computer Society Conference on}, title={A least squares regression framework on manifolds and its application to gesture recognition}, 
year={2012}, 
pages={13-18}, 
keywords={estimation theory;geometry;gesture recognition;image classification;learning (artificial intelligence);least squares approximations;regression analysis;Euclidean space;body gesture datasets;classification space;composite function;estimation model;geometry;gesture recognition;hand gesture datasets;least squares fitting;least squares regression framework;manifolds;nonlinear regression framework;one-shot-learning CHALEARN gesture challenge;statistical analysis;Geometry;Gesture recognition;Manifolds;Tensile stress;Training;Vectors;Videos}, 
doi={10.1109/CVPRW.2012.6239180}, 
ISSN={2160-7508},}

@INPROCEEDINGS{1467360, 
author={Dalal, N. and Triggs, B.}, 
booktitle={Computer Vision and Pattern Recognition, 2005. CVPR 2005. IEEE Computer Society Conference on}, title={Histograms of oriented gradients for human detection}, 
year={2005}, 
volume={1}, 
pages={886-893 vol. 1}, 
keywords={feature extraction;gradient methods;object detection;object recognition;support vector machines;coarse spatial binning;contrast normalization;edge based descriptors;fine orientation binning;fine-scale gradients;gradient based descriptors;histograms of oriented gradients;human detection;linear SVM;overlapping descriptor;pedestrian database;robust visual object recognition;High performance computing;Histograms;Humans;Image databases;Image edge detection;Object detection;Object recognition;Robustness;Support vector machines;Testing}, 
doi={10.1109/CVPR.2005.177}, 
ISSN={1063-6919},}

@INPROCEEDINGS{790410, 
author={Lowe, D.G.}, 
year={1999},
booktitle={Computer Vision, 1999. The Proceedings of the Seventh IEEE International Conference on}, title={Object recognition from local scale-invariant features}, 
volume={2}, 
pages={1150-1157 vol.2}, 
keywords={computational geometry;feature extraction;image matching;least squares approximations;object recognition;3D projection;blurred image gradients;candidate object matches;cluttered partially occluded images;computation time;inferior temporal cortex;local geometric deformations;local image features;local scale-invariant features;low residual least squares solution;multiple orientation planes;nearest neighbor indexing method;primate vision;robust object recognition;staged filtering approach;unknown model parameters;Computer science;Electrical capacitance tomography;Filters;Image recognition;Layout;Lighting;Neurons;Object recognition;Programmable logic arrays;Reactive power}, 
doi={10.1109/ICCV.1999.790410},}

@article{HOSVD,
year={2003},
issn={0029-599X},
journal={Numerische Mathematik},
volume={95},
issue={1},
doi={10.1007/s00211-002-0431-z},
title={A QR-type reduction for computing the SVD of a general matrix product/quotient},
url={http://dx.doi.org/10.1007/s00211-002-0431-z (viitattu 3/2013)},
publisher={Springer-Verlag},
author={Chu, Delin and Lathauwer, Lieven De and Moor, Bart De},
pages={101-121},
language={English}
}

@article{Lui2012380,
title = "Advances in matrix manifolds for computer vision",
journal = "Image and Vision Computing",
volume = "30",
number = "6â€“7",
pages = "380 - 388",
year = "2012",
note = "",
issn = "0262-8856",
doi = "10.1016/j.imavis.2011.08.002",
url = "http://www.sciencedirect.com/science/article/pii/S0262885611000692 (viitattu 3/2013)",
author = "Yui Man Lui",
keywords = "Lie groups",
keywords = "Stiefel manifolds",
keywords = "Grassmann manifolds",
keywords = "Riemannian manifolds"
}

@INPROCEEDINGS{4587756,
author={Laptev, I. and Marszalek, M. and Schmid, C. and Rozenfeld, B.},
booktitle={Computer Vision and Pattern Recognition, 2008. CVPR 2008. IEEE Conference on}, title={Learning realistic human actions from movies},
year={2008},
pages={1-8},
keywords={cinematography;image classification;image retrieval;learning (artificial intelligence);support vector machines;video signal processing;automatic video annotation;human action retrieval;local space-time feature;movie script;multichannel nonlinear SVM;space-time pyramid;text-based classifier;video action classification;video realistic human action recognition;visual learning;Cameras;Clothing;Humans;Image recognition;Layout;Motion pictures;Object recognition;Robustness;Text categorization;Video sharing},
doi={10.1109/CVPR.2008.4587756},
ISSN={1063-6919},}


@INPROCEEDINGS{chalearn2,
author={Guyon, I. and Athitsos, V. and Jangyodsuk, P. Escalante, H. and Hamner, B},
booktitle={Results and Analysis of the ChaLearn Gesture Challenge 2012}, title={Results and Analysis of the ChaLearn Gesture Challenge 2012},
year={2012},
pages={1-17},
url={http://eprints.pascal-network.org/archive/00009716/ (viitattu 3/2013)},}

@INPROCEEDINGS{kinect,
author={Microsoft},
title={Microsoft:n viralliset sivut Kinect-sensorillle},
booktitle={Microsoft:n viralliset sivut Kinect-sensorillle},
year={2013},
url={http://www.microsoft.com/en-us/kinectforwindows/ (viitattu 3/2013)},}


@INPROCEEDINGS{kinectkuva,
author={David Latotzky},
title={Intelligent Wheelchair Research Group, Freie UniversitÃ¤t Berlin},
booktitle={Intelligent Wheelchair Research Group, Freie UniversitÃ¤t Berlin},
year={2011},
url={http://userpage.fu-berlin.de/~latotzky/wheelchair/ (viitattu 3/2013)},}


@ARTICLE{5288526,
author={Sinno Jialin Pan and Qiang Yang},
journal={Knowledge and Data Engineering, IEEE Transactions on}, title={A Survey on Transfer Learning},
year={2010},
volume={22},
number={10},
pages={1345-1359},
keywords={knowledge engineering;learning by example;optimisation;unsupervised learning;data mining;inductive transfer learning;knowledge transfer;machine learning;transductive transfer learning;unsupervised transfer learning;Data mining;Knowledge engineering;Knowledge transfer;Labeling;Learning systems;Machine learning;Machine learning algorithms;Space technology;Testing;Training data;Transfer learning;data mining.;machine learning;survey},
doi={10.1109/TKDE.2009.191},
ISSN={1041-4347},}


@INPROCEEDINGS{1315232, 
author={Xuming He and Zemel, R.S. and Carreira-Perpindn, M.A.}, 
booktitle={Computer Vision and Pattern Recognition, 2004. CVPR 2004. Proceedings of the 2004 IEEE Computer Society Conference on}, title={Multiscale conditional random fields for image labeling}, 
year={2004}, 
volume={2}, 
pages={II-695-II-702 Vol.2}, 
keywords={Markov processes;image classification;image resolution;random processes;visual databases;Markov random field;contextual features;fine-resolution patterns;image classification;image databases;image labeling;image-label mapping;multiscale conditional random fields;Animals;Computer science;Helium;Image databases;Image segmentation;Labeling;Markov random fields;Parameter estimation;Pixel;Wildlife}, 
doi={10.1109/CVPR.2004.1315232}, 
ISSN={1063-6919},}

@INPROCEEDINGS{1238378, 
author={Laptev, I. and Lindeberg, T.}, 
booktitle={Computer Vision, 2003. Proceedings. Ninth IEEE International Conference on}, title={Space-time interest points}, 
year={2003}, 
pages={432-439 vol.1}, 
keywords={computer vision;feature extraction;image motion analysis;image representation;spatiotemporal phenomena;human motion analysis;image pattern representation;scale-invariant spatio-temporal descriptor;spatial interest point;spatio-temporal domain;spatio-temporal event detection;video data representation;Acceleration;Computer vision;Event detection;Image motion analysis;Indexing;Layout;Motion analysis;Optical computing;Spatiotemporal phenomena;Videoconference}, 
doi={10.1109/ICCV.2003.1238378},}

@article{Pers20101369,
title = "Histograms of optical flow for efficient representation of body motion",
journal = "Pattern Recognition Letters",
volume = "31",
number = "11",
pages = "1369 - 1376",
year = "2010",
note = "",
issn = "0167-8655",
doi = "10.1016/j.patrec.2010.03.024",
url = "http://www.sciencedirect.com/science/article/pii/S0167865510001121",
author = "Janez Pers and Vildana Sulic and Matej Kristan and Matej Pers and Klemen Polanec and Stanislav Kovacic",
keywords = "Image sequences",
keywords = "Human motion",
keywords = "Optical flow",
keywords = "Levenshtein distance"
}


@incollection{bagoffeatures,
year={2006},
isbn={978-3-540-33838-3},
booktitle={Computer Vision â€“ ECCV 2006},
volume={3954},
series={Lecture Notes in Computer Science},
editor={Leonardis, AleÅ¡ and Bischof, Horst and Pinz, Axel},
doi={10.1007/11744085_38},
title={Sampling Strategies for Bag-of-Features Image Classification},
url={http://dx.doi.org/10.1007/11744085_38},
publisher={Springer Berlin Heidelberg},
author={Nowak, Eric and Jurie, FrÃ©dÃ©ric and Triggs, Bill},
pages={490-503}
}
@INPROCEEDINGS{firstround, 
author={Guyon, I. and Athitsos, V. and Jangyodsuk, P. and Hamner, B. and Escalante, H.J.},
booktitle={Kysely ensimmÃ¤isen kierroksen tÃ¶istÃ¤},
title={Kysely ensimmÃ¤isen kierroksen tÃ¶istÃ¤},
year={2012},  
URL={https://docs.google.com/a/chalearn.org/viewer?a=v&pid=sites&srcid=Y2hhbGVhcm4ub3JnfGdlc3R1cmVjaGFsbGVuZ2V8Z3g6MmYyY2YwMmUwODY2NmE0YQ (viitattu 04/2013)},}

@INPROCEEDINGS{kilpailunnettisivut, 
author={Guyon, I. and Athitsos, V. and Jangyodsuk, P. and Hamner, B. and Escalante, H.J.},
booktitle={Kilpailun nettisivut},
title={Kilpailun nettisivut},
year={2011},  
URL={http://gesture.chalearn.org/2011-one-shot-learning (viitattu 04/2013)},}

@INPROCEEDINGS{patternreg, 
author={Theodoridis, S. and Koutroumabas, K.},
booktitle={Pattern Recognition},
title={Pattern Recognition},
isbn={0-12-686140-4},
pages={3-11, 65-66, 308-323, 339-344},
year={1999},}
